<record><leader>00000cas a22000007a 4500</leader><controlfield tag="001">22334252</controlfield><controlfield tag="008">900905d19471967ohuwr ne      0    0eng d</controlfield><datafield ind1=" " ind2=" " tag="010"><subfield code="a">sn 90068443 </subfield></datafield><datafield ind1=" " ind2=" " tag="040"><subfield code="a">ONP</subfield><subfield code="b">eng</subfield><subfield code="c">ONP</subfield><subfield code="d">OCLCQ</subfield></datafield><datafield ind1=" " ind2=" " tag="042"><subfield code="a">msc</subfield></datafield><datafield ind1="0" ind2=" " tag="130"><subfield code="a">Parma post (Parma, Ohio : 1947)</subfield></datafield><datafield ind1="1" ind2="4" tag="245"><subfield code="a">The Parma post.</subfield></datafield><datafield ind1=" " ind2=" " tag="260"><subfield code="a">Parma, Ohio :</subfield><subfield code="b">Sam Levine,</subfield><subfield code="c">1947-1967.</subfield></datafield><datafield ind1=" " ind2=" " tag="300"><subfield code="a">v.</subfield></datafield><datafield ind1=" " ind2=" " tag="310"><subfield code="a">Weekly</subfield></datafield><datafield ind1="0" ind2=" " tag="362"><subfield code="a">Vol. 1, no. 1 (Dec. 4, 1947)-v. 21, no. 5 (Nov. 30, 1967).</subfield></datafield><datafield ind1=" " ind2=" " tag="752"><subfield code="a">United States</subfield><subfield code="b">Ohio</subfield><subfield code="c">Cuyahoga</subfield><subfield code="d">Parma.</subfield></datafield><datafield ind1="0" ind2="7" tag="785"><subfield code="t">Times (Parma, Ohio : 1967)</subfield><subfield code="w">(DLC)sn 90068441</subfield></datafield><datafield ind1="0" ind2="7" tag="785"><subfield code="t">Parma post and the times</subfield><subfield code="w">(DLC)sn 90068440</subfield></datafield></record>